%%バイオロジカルモーションの原著
@article{Johansson:1973,
  author        = {Johansson, Gunner},
  title         = {{Visual perception of biological motion and a model for its analysis}},  
  archiveprefix = {arXiv},
  reportnumber  = {IASSNS-HEP-98-15},
  doi           = {10.4310/ATMP.1998.v2.n2.a2},
  journal       = {Perception \& Psychophysics},
  volume        = {14},
  pages         = {201--211},
  year          = {1973}
}

%% BMをみると、運動前野も賦活する
@article{SayginEtAl:2004,
  author          = {Saygin, A. P. and Wilson, S. M. and  Hagler, D. J. Jr. and Bates, E. and Sereno, M. I. },
  journal         = {The Journal of Neuroscience},
  number          = {27},
  title           = {Point-light biological motion perception activates human premotor cortex.},
  volume          = {24},
  pages           = {6181--6188},
  year            = {2004},
  doi             = {10.1523/JNEUROSCI.0504-04.2004}
}

%%ミラーニューロン総説
@article{Rizzolatti:2004,
  title           = {The mirror-neuron system},
  author          = {Rizzolatti, Giacomo and Craighero, Laila},
  journal         = {Annu. Rev. Neurosci.},
  volume          = {27},
  pages           = {169--192},
  year            = {2004},
  publisher       = {Annual Reviews}
}

%%TODO:それが人間でも、前頭皮質領域が活性化したやつ

%%TODO:サルは、他者が果物をつかむのをみたとき、という同じその下頭頂葉の MN が，つかんだ果物を口に運ぶのか容器に運ぶのかという最終的な
運動の目標が異なることにより賦活が異なる
@article{FogassiEtAl:2005,
    title        = {Parietal lobe:From action organisation to intention understanding},
    author        = {Fogassi, L. and Ferrari, PF. and Geslerich, B. and Rozzi S. and Chersi, F. and Rizzolatti, G},
    journal       = {Science},
    volume        = {80},
    number        = {308},
    pages         = {662--667},
    year          = {2005},
    doi           = {}
  }

%%TODO:ギルバードライル

%%TODO:今井むつみ　言葉と志向

@article{堀内諏訪:2020,
  author          = {堀内 隆仁 and 諏訪 正樹},
  journal         = {認知科学},
  number          = {4},
  title           = {「アスリートとして生きる」ということ：競技・生活が一体となり身体スキルを学ぶ様を描く物語},
  volume          = {27},
  year            = {2020}
}

@inproceedings{堀内諏訪:2022,
  author          = {堀内 隆仁 and 諏訪 正樹},
  booktitle       = {第38回身体知研究会予稿集SIG-SKL-38},
  editor          = {},
  title           = {「身動き」の立ち現れを促すツールの制作とその現象学的実践へむけて},
  year            = {2022}
}

@book{諏訪藤井:2015,
  author         = {諏訪正樹 and 藤井晴行},
  editor         = {},
  publisher      = {近代科学社},
  title          = {知のデザイン　自分ごととして考えよう},
  year           = {2015}
}

@book{木村2015,
  author         = {木村 敏},
  editor         = {},
  publisher      = {講談社学術文庫},
  title          = {あいだ・こころ・生命},
  year           = {2015}
}

@book{中村:2000,
  author         = {中村雄二郎},
  editor         = {},
  publisher      = {岩波書店},
  title          = {共通感覚論},
  year           = {2000}
}

@book{諏訪:2016,
  author         = {諏訪正樹},
  editor         = {},
  publisher      = {講談社選書メチエ},
  title          = {「こつ」と「スランプ」の研究　身体知の認知科学},
  year           = {2016}
}
@book{木村2005,
  author         = {木村 敏},
  editor         = {},
  publisher      = {},
  title          = {あいだ},
  year           = {2005}
}
% :::
@book{廣松,
  author         = {廣松渉},
  editor         = {},
  publisher      = {弘文堂},
  title          = {表情},
  year           = {1989}
}
@book{村田:2019,
  author         = {村田 純一},
  editor         = {},
  publisher      = {ぷねうま舎},
  title          = {味わいの現象学　知覚経験のマルチモダリティ},
  year           = {2019}
}
@book{岡2019,
  author         = {岡 潔},
  editor         = {森田 真生},
  publisher      = {新潮文庫},
  title          = {数学する人生 Kindle版},
  year           = {2019}
}

@book{Lakoff,
  author         = {Lakoff, George. and Johnson, Mark.},
  editor         = {},
  publisher      = {The University of Chicago Press},
  title          = {Metaphors We Live By},
  year           = {1980},
  jauthor         = {ジョージ レイコフ and マーク ジョンソン},
  jeditor         = {},
  jpublisher      = {大修館書店},
  jtitle          = {レトリックと人生},
  jyear           = {1986}
}

@book{Gibson:1979,
  author         = {Gibson, James J},  
  publisher      = {Houghton Mifflin},
  title          = {The Ecological Approach to Visual Perception},
  year           = {1979}
}
@book{ヴァイツゼカー,
  author         = {ヴァイツゼカー V. V. },
  editor         = {},
  publisher      = {みすず書房},
  title          = {ゲシュタルトクライス　知覚と運動の人間学},
  year           = {1975}
}

@book{金子:2005,
  author         = {金子 明友},
  editor         = {},
  publisher      = {明和出版},
  title          = {身体知の形成（下）},
  year           = {2005}
}
% :::
@misc{p5,
  author       = {No, Author},
  url          = {https://p5js.org/},
  title        = {p5.js},
  year         = {2005},
  note         = {Accessed on 12, 2023},
}

@misc{vscode,
  author = {No, Author},
  url    = {https://code.visualstudio.com/},
  title  = {Visual Studio Code},
  year   = {2005},
  note   = {Accessed on 12, 2023}
}

@misc{mediapipe,
  author = {No, Author},
  url    = {https://developers.google.com/mediapipe},
  title  = {MediaPipe},
  year   = {2005},
  note   = {Accessed on 12, 2023}
}